<?xml version="1.0" encoding="UTF-8"?><collection xmlns="http://www.loc.gov/MARC21/slim"><record><leader>00536nam--2200205-i-4500</leader><controlfield tag="001">000036638</controlfield><controlfield tag="002">20161230</controlfield><controlfield tag="005">20161230201041</controlfield><controlfield tag="008">060222s1000------------r-----000-0-rum-d</controlfield><datafield ind1=" " ind2=" " tag="040"><subfield code="a">IFIN-HH</subfield></datafield><datafield ind1=" " ind2=" " tag="041"><subfield code="a">rum</subfield></datafield><datafield ind1=" " ind2=" " tag="080"><subfield code="a">533.9.002</subfield></datafield><datafield ind1="1" ind2=" " tag="100"><subfield code="a">Toma, Mihai</subfield></datafield><datafield ind1="1" ind2="0" tag="245"><subfield code="a">Aplicatii ale fizicii plasmei</subfield><subfield code="c">Mihai toma, gheorghe toma</subfield></datafield><datafield ind1=" " ind2=" " tag="260"><subfield code="a">Bucuresti, Editura Tehnica, 1981</subfield></datafield><datafield ind1=" " ind2=" " tag="300"><subfield code="a">150 P</subfield></datafield><datafield ind1=" " ind2=" " tag="490"><subfield code="a">Stiinta Si Tehnica Pentru Toti</subfield></datafield><datafield ind1="1" ind2=" " tag="700"><subfield code="a">Toma, Gheorghe</subfield></datafield><datafield ind1=" " ind2=" " tag="852"><subfield code="a">49972</subfield><subfield code="c">533.9</subfield></datafield><datafield ind1=" " ind2=" " tag="CAT"><subfield code="a">Sys</subfield><subfield code="c">20100930</subfield><subfield code="h">100215</subfield></datafield></record></collection>